<?xml version="1.0" encoding="UTF-8"?><collection xmlns="http://www.loc.gov/MARC21/slim"><record><leader>00355nam--2200133-i-4500</leader><controlfield tag="001">000040573</controlfield><controlfield tag="002">20161230</controlfield><controlfield tag="005">20161230201042</controlfield><controlfield tag="008">060222s1000------------r-----000-0-eng-d</controlfield><datafield ind1=" " ind2=" " tag="100"><subfield code="a">Schelkunoff, S.A</subfield></datafield><datafield ind1=" " ind2=" " tag="245"><subfield code="a">Advanced antenna theory</subfield></datafield><datafield ind1=" " ind2=" " tag="260"><subfield code="a">New York, John Wiley &amp; Sons, Inc., 1952, Xii + 216p</subfield></datafield><datafield ind1=" " ind2=" " tag="490"><subfield code="a">Applied Mathematics Series</subfield></datafield><datafield ind1=" " ind2=" " tag="852"><subfield code="a">10547</subfield></datafield></record></collection>